<?xml version="1.0" encoding="UTF-8"?><record xmlns="http://www.loc.gov/MARC21/slim" xmlns:cinclude="http://apache.org/cocoon/include/1.0" xmlns:zs="http://www.loc.gov/zing/srw/">
  <leader>00532cz  a2200145n  4500</leader>
  <controlfield tag="001">n  85275582 </controlfield>
  <controlfield tag="003">DLC</controlfield>
  <controlfield tag="005">19940902125340.2</controlfield>
  <controlfield tag="008">861215n| acannaab|          |a aaa |||  </controlfield>
  <datafield tag="010" ind1=" " ind2=" ">
    <subfield code="a">n  85275582 </subfield>
  </datafield>
  <datafield tag="040" ind1=" " ind2=" ">
    <subfield code="a">DLC</subfield>
    <subfield code="c">DLC</subfield>
    <subfield code="d">DLC</subfield>
  </datafield>
  <datafield tag="100" ind1="1" ind2="0">
    <subfield code="a">McCullough, Virginia</subfield>
  </datafield>
  <datafield tag="400" ind1="1" ind2="0">
    <subfield code="a">McCullough, Virginia E.</subfield>
  </datafield>
  <datafield tag="670" ind1=" " ind2=" ">
    <subfield code="a">Godlman, A.R. TMJ, 1987:</subfield>
    <subfield code="b">CIP t.p. (Virginia McCullough)</subfield>
  </datafield>
  <datafield tag="670" ind1=" " ind2=" ">
    <subfield code="a">Her Testing and your child, c1992:</subfield>
    <subfield code="b">CIP t.p. (Virginia E. McCullough) info. from publr. (free-lance writer, editor, and consultant; resident of Chicago area)</subfield>
  </datafield>
</record>